@ARTICLE{7352306,
  author={Shahriari, Bobak and Swersky, Kevin and Wang, Ziyu and Adams, Ryan P. and de Freitas, Nando},
  journal={Proceedings of the IEEE}, 
  title={Taking the Human Out of the Loop: A Review of Bayesian Optimization}, 
  year={2016},
  volume={104},
  number={1},
  pages={148-175},
  keywords={Big data;Bayes methods;Linear programming;Decision making;Design of experiments;Optimization;Genomes;Statistical analysis;decision making;design of experiments;optimization;response surface methodology;statistical learning;genomic medicine;Decision making;design of experiments;optimization;response surface methodology;statistical learning},
  doi={10.1109/JPROC.2015.2494218}}
